@article{xbandvla,
	author =       {J.S. Ulvestad and G.M. Resch and W.D. Brundage},
	title =        {X-Band System Performance of the Very Large Array},
	journal =      {TDA Progress Report 42-92},
	volume =       {Oct-Dec 1987},
	year =         "1988",
}